
@book{steinwart_support_2008,
	title = {Support vector machines},
	url = {https://books.google.de/books?hl=de&lr=&id=HUnqnrpYt4IC&oi=fnd&pg=PP7&dq=christmann+support+vector+machines&ots=g8iFFy2nZe&sig=yWBgp7aJb7WyFEYIBu1HMpHcPeA},
	urldate = {2016-05-18},
	publisher = {Springer Science \& Business Media},
	author = {Steinwart, Ingo and Christmann, Andreas},
	year = {2008},
	file = {Snapshot:/Users/Christian/Library/Application Support/Zotero/Profiles/qmv4selu.default/zotero/storage/P8S5D5CR/books.html:text/html}
}

@book{cristianini_introduction_2000,
	title = {An introduction to support vector machines and other kernel-based learning methods},
	url = {https://books.google.de/books?hl=de&lr=&id=_PXJn_cxv0AC&oi=fnd&pg=PR9&dq=Introduction+to+support+vector+machines&ots=xRSg7F2r-i&sig=FZpcKy2jKGx2_TbBEUOMX52udwk},
	urldate = {2016-05-18},
	publisher = {Cambridge university press},
	author = {Cristianini, Nello and Shawe-Taylor, John},
	year = {2000},
	file = {Snapshot:/Users/Christian/Library/Application Support/Zotero/Profiles/qmv4selu.default/zotero/storage/826TJWI3/books.html:text/html}
}

@article{fan_liblinear:_2008,
	title = {{LIBLINEAR}: {A} library for large linear classification},
	volume = {9},
	shorttitle = {{LIBLINEAR}},
	url = {http://dl.acm.org/citation.cfm?id=1442794},
	urldate = {2016-05-18},
	journal = {The Journal of Machine Learning Research},
	author = {Fan, Rong-En and Chang, Kai-Wei and Hsieh, Cho-Jui and Wang, Xiang-Rui and Lin, Chih-Jen},
	year = {2008},
	pages = {1871--1874},
	file = {[PDF] von wustl.edu:/Users/Christian/Library/Application Support/Zotero/Profiles/qmv4selu.default/zotero/storage/CA7G6UVS/Fan et al. - 2008 - LIBLINEAR A library for large linear classificati.pdf:application/pdf;Snapshot:/Users/Christian/Library/Application Support/Zotero/Profiles/qmv4selu.default/zotero/storage/SKA2MZS5/citation.html:text/html}
}

@article{hastie_elements_2005,
	title = {The elements of statistical learning: data mining, inference and prediction},
	volume = {27},
	shorttitle = {The elements of statistical learning},
	url = {http://www.springerlink.com/index/D7X7KX6772HQ2135.pdf},
	number = {2},
	urldate = {2016-05-18},
	journal = {The Mathematical Intelligencer},
	author = {Hastie, Trevor and Tibshirani, Robert and Friedman, Jerome and Franklin, James},
	year = {2005},
	pages = {83--85},
	file = {[HTML] von stanford.edu:/Users/Christian/Library/Application Support/Zotero/Profiles/qmv4selu.default/zotero/storage/FWDKJ8Z3/pub.html:text/html;Snapshot:/Users/Christian/Library/Application Support/Zotero/Profiles/qmv4selu.default/zotero/storage/QWEJ2KMV/10.html:text/html}
}

@inproceedings{christmann_bootstrap_2013,
	title = {On the bootstrap approach for support vector machines and related kernel based methods},
	url = {http://2013.isiproceedings.org/Files/CPS018-P5-S.pdf},
	urldate = {2016-05-18},
	booktitle = {Proceedings 59th {ISI} {World} {Statistics} {Congress},, {Hong} {Kong}. {Session} {CPS}018},
	author = {Christmann, Andreas and Hable, Robert},
	year = {2013},
	file = {[PDF] von isiproceedings.org:/Users/Christian/Library/Application Support/Zotero/Profiles/qmv4selu.default/zotero/storage/QZDZ98JA/Christmann und Hable - 2013 - On the bootstrap approach for support vector machi.pdf:application/pdf}
}

@book{efron_introduction_1994,
	title = {An introduction to the bootstrap},
	url = {https://books.google.de/books?hl=de&lr=&id=gLlpIUxRntoC&oi=fnd&pg=PR14&dq=efron+bootstrap&ots=A8AuY7Q7y5&sig=Yj4uSamEVHc9-NanQKSYc6ADhsc},
	urldate = {2016-05-18},
	publisher = {CRC press},
	author = {Efron, Bradley and Tibshirani, Robert J.},
	year = {1994},
	file = {[PDF] von cern.ch:/Users/Christian/Library/Application Support/Zotero/Profiles/qmv4selu.default/zotero/storage/5R8WVMGX/Efron und Tibshirani - 1994 - An introduction to the bootstrap.pdf:application/pdf;Snapshot:/Users/Christian/Library/Application Support/Zotero/Profiles/qmv4selu.default/zotero/storage/ZF7NA3UD/books.html:text/html}
}

@incollection{christmann_qualitative_2013,
	title = {Qualitative robustness of bootstrap approximations for kernel based methods},
	url = {http://link.springer.com/chapter/10.1007/978-3-642-35494-6_16},
	urldate = {2016-05-18},
	booktitle = {Robustness and {Complex} {Data} {Structures}},
	publisher = {Springer},
	author = {Christmann, Andreas and Salibián-Barrera, Matías and Van Aelst, Stefan},
	year = {2013},
	pages = {263--278},
	file = {Snapshot:/Users/Christian/Library/Application Support/Zotero/Profiles/qmv4selu.default/zotero/storage/S72AHVNR/978-3-642-35494-6_16.html:text/html}
}